<mx:record xmlns="http://www.w3.org/TR/xhtml1/strict" xmlns:mx="http://www.loc.gov/MARC21/slim" xmlns:xsi="http://www.w3.org/2001/XMLSchema-instance"><mx:leader>00000cz   2200000n  0000</mx:leader><mx:controlfield tag="001">oca01551582 </mx:controlfield><mx:controlfield tag="005">20000225174755.0</mx:controlfield><mx:controlfield tag="008">860403n| acannaab           |a aaa      </mx:controlfield><mx:datafield ind1=" " ind2=" " tag="010"><mx:subfield code="a">n  85379942</mx:subfield></mx:datafield><mx:datafield ind1=" " ind2=" " tag="040"><mx:subfield code="a">DLC</mx:subfield><mx:subfield code="c">DLC</mx:subfield><mx:subfield code="d">DLC</mx:subfield></mx:datafield><mx:datafield ind1="1" ind2=" " tag="100"><mx:subfield code="a">Gallus, Gaius Cornelius,</mx:subfield><mx:subfield code="d">69?-26 B.C.</mx:subfield></mx:datafield><mx:datafield ind1="1" ind2=" " tag="400"><mx:subfield code="a">Gallo, Cornelio,</mx:subfield><mx:subfield code="d">69?-26 B.C.</mx:subfield></mx:datafield><mx:datafield ind1="1" ind2=" " tag="400"><mx:subfield code="a">Gallus, C. Cornelius</mx:subfield><mx:subfield code="w">nnaa</mx:subfield></mx:datafield><mx:datafield ind1="1" ind2=" " tag="400"><mx:subfield code="a">Gallus, C. Cornelius,</mx:subfield><mx:subfield code="d">69?-26 B.C.</mx:subfield></mx:datafield><mx:datafield ind1="1" ind2=" " tag="400"><mx:subfield code="a">Gallus, Caius Cornelius,</mx:subfield><mx:subfield code="d">69?-26 B.C.</mx:subfield></mx:datafield><mx:datafield ind1="1" ind2=" " tag="400"><mx:subfield code="a">Gallus, Cornelius,</mx:subfield><mx:subfield code="d">69?-26 B.C.</mx:subfield></mx:datafield><mx:datafield ind1=" " ind2=" " tag="670"><mx:subfield code="a">Nicastri, L. Cornelio Gallo e l&amp;#039;elegia ellenistico-romana, c1984:</mx:subfield><mx:subfield code="b">t.p. (Cornelio Gallo) p. 9 (Caius Cornelius Gallus)</mx:subfield></mx:datafield><mx:datafield ind1=" " ind2=" " tag="670"><mx:subfield code="a">Enc. Brit.</mx:subfield><mx:subfield code="b">(Gallus, Gaius Cornelius, c. 70-26 B.C., Roman soldier and poet)</mx:subfield></mx:datafield><mx:datafield ind1=" " ind2=" " tag="670"><mx:subfield code="a">Enc. Amer.</mx:subfield><mx:subfield code="b">(Gallus, Gaius Cornelius, c. 69-26 B.C.)</mx:subfield></mx:datafield><mx:datafield ind1=" " ind2=" " tag="670"><mx:subfield code="a">Oxford classical dict., 1970</mx:subfield><mx:subfield code="b">(Gallus, Gaius Cornelius, b. c. 69 B.C.; d. 26 B.C.)</mx:subfield></mx:datafield><mx:datafield ind1=" " ind2=" " tag="670"><mx:subfield code="a">LC manual auth. cd.</mx:subfield><mx:subfield code="b">(hdg.: Gallus, C. Cornelius)</mx:subfield></mx:datafield><mx:datafield ind1=" " ind2=" " tag="670"><mx:subfield code="a">nuc89-92906: The Impotent lover [MI] 1689</mx:subfield><mx:subfield code="b">(hdg. on LU rept.: Gallus, Gaius Cornelius, 69?-26 B.C.; usage: Cornelius Gallus)</mx:subfield></mx:datafield></mx:record>